<record><leader>00000cas a22000007a 4500</leader><controlfield tag="001">9930745</controlfield><controlfield tag="008">830921d19281985arucr ne      0   a0eng d</controlfield><controlfield tag="009">467</controlfield><datafield ind1=" " ind2=" " tag="010"><subfield code="a">sn 83002595 </subfield></datafield><datafield ind1=" " ind2=" " tag="040"><subfield code="a">NSD</subfield><subfield code="b">eng</subfield><subfield code="c">NSD</subfield><subfield code="d">ANU</subfield><subfield code="d">MQN</subfield><subfield code="d">OCL</subfield><subfield code="d">ANU</subfield><subfield code="d">CNK</subfield><subfield code="d">OCLCQ</subfield><subfield code="d">OCLCF</subfield><subfield code="d">OCLCO</subfield></datafield><datafield ind1=" " ind2=" " tag="012"><subfield code="j">0</subfield><subfield code="m">d</subfield></datafield><datafield ind1=" " ind2=" " tag="019"><subfield code="a">16912784</subfield></datafield><datafield ind1="1" ind2=" " tag="022"><subfield code="a">0746-3219</subfield><subfield code="l">0746-3219</subfield><subfield code="2">1</subfield></datafield><datafield ind1="1" ind2=" " tag="029"><subfield code="a">AU@</subfield><subfield code="b">000020416610</subfield></datafield><datafield ind1=" " ind2=" " tag="037"><subfield code="b">The Press Argus, 213 Main St., Van Buren, AR 72956</subfield></datafield><datafield ind1=" " ind2=" " tag="042"><subfield code="a">nsdp</subfield></datafield><datafield ind1=" " ind2="4" tag="222"><subfield code="a">The Press argus</subfield></datafield><datafield ind1="0" ind2="4" tag="245"><subfield code="a">The Press-argus.</subfield></datafield><datafield ind1="1" ind2="7" tag="246"><subfield code="a">Van Buren press-argus</subfield><subfield code="f">Apr. 20, 1928-Nov. 2, 1928</subfield></datafield><datafield ind1="3" ind2="0" tag="246"><subfield code="a">Press argus</subfield></datafield><datafield ind1=" " ind2=" " tag="260"><subfield code="a">Van Buren, Ark. :</subfield><subfield code="b">Hugh &amp; J.C. Park,</subfield><subfield code="c">1928-1985.</subfield></datafield><datafield ind1=" " ind2=" " tag="300"><subfield code="a">v.</subfield></datafield><datafield ind1=" " ind2=" " tag="310"><subfield code="a">Semiweekly,</subfield><subfield code="b">Aug. 25, 1983-Sept. 28, 1985</subfield></datafield><datafield ind1=" " ind2=" " tag="321"><subfield code="a">Weekly,</subfield><subfield code="b">Apr. 20, 1928-Nov. 2, 1977</subfield></datafield><datafield ind1=" " ind2=" " tag="321"><subfield code="a">Semiweekly,</subfield><subfield code="b">Nov. 9, 1977-Dec. 30, 1978</subfield></datafield><datafield ind1=" " ind2=" " tag="321"><subfield code="a">Weekly,</subfield><subfield code="b">Jan. 10, 1979-Aug. 18, 1983</subfield></datafield><datafield ind1="0" ind2=" " tag="362"><subfield code="a">Vol. 69, no. 43 (Apr. 20, 1928)-127th year, no. 25 (Sept. 28, 1985).</subfield></datafield><datafield ind1=" " ind2=" " tag="500"><subfield code="a">Title varies slightly.</subfield></datafield><datafield ind1=" " ind2=" " tag="515"><subfield code="a">Numbering is irregular.</subfield></datafield><datafield ind1=" " ind2="0" tag="651"><subfield code="a">Van Buren (Ark.)</subfield><subfield code="v">Newspapers.</subfield></datafield><datafield ind1=" " ind2="0" tag="651"><subfield code="a">Crawford County (Ark.)</subfield><subfield code="v">Newspapers.</subfield></datafield><datafield ind1=" " ind2="7" tag="655"><subfield code="a">Newspapers.</subfield><subfield code="2">fast</subfield><subfield code="0">(OCoLC)fst01423814</subfield></datafield><datafield ind1=" " ind2="7" tag="651"><subfield code="a">Arkansas</subfield><subfield code="z">Crawford County.</subfield><subfield code="2">fast</subfield><subfield code="0">(OCoLC)fst01209402</subfield></datafield><datafield ind1=" " ind2="7" tag="651"><subfield code="a">Arkansas</subfield><subfield code="z">Van Buren.</subfield><subfield code="2">fast</subfield><subfield code="0">(OCoLC)fst01211931</subfield></datafield><datafield ind1=" " ind2=" " tag="752"><subfield code="a">United States</subfield><subfield code="b">Arkansas</subfield><subfield code="c">Crawford</subfield><subfield code="d">Van Buren.</subfield></datafield><datafield ind1="0" ind2="0" tag="780"><subfield code="t">Van Buren press-argus (Van Buren, Ark. : Weekly)</subfield><subfield code="w">(DLC)sn 85032948</subfield></datafield><datafield ind1="0" ind2="0" tag="785"><subfield code="t">Press argus-courier</subfield><subfield code="x">0885-9086</subfield><subfield code="w">(DLC)sn 85004857</subfield></datafield></record>